
@book{Axler:2015:Linear,
  Author = {Axler, Sheldon},
  Title = {Linear Algebra Done Right},
  Publisher = {Springer},
  Year = {2015},
  Edition = {Third}
}

@book{Demmel:1997:Applied,
  Author = {Demmel, James},
  Title = {Applied Numerical Linear Algebra},
  Publisher = {SIAM},
  Year = {1997}
}

@book{Ewing:1991:Halmos,
  Editor = {Ewing, John and Gehring, F. W.},
  Title = {Paul Halmos: Celebrating 50 Years of Mathematics},
  Publisher = {Springer},
  Year = {1991}
}

@book{Golub:2013:Matrix,
  Author = {Golub, Gene and Van Loan, Charles},
  Title = {Matrix Computations},
  Publisher = {Johns Hopkins University Press},
  Year = {2013},
  Edition = {Fourth}
}

@book{Halmos:1993:Finite,
  Author = {Halmos, Paul},
  Title = {Finite Dimensional Vector Spaces},
  Publisher = {Springer},
  Year = {1993}
}

@book{Lax:2007:Linear,
  Author = {Lax, Peter},
  Title = {Linear Algebra and its Applications},
  Publisher = {Wiley},
  Year = {2007},
  Edition = {Second}
}

@book{Lay:2016:Linear,
  Author = {Lay, David and Lay, Steven and McDonald, Judi},
  Title = {Linear Algebra and its Applications},
  Publisher = {Pearson},
  Year = {2016},
  Edition = {Fifth}
}

@book{Strang:2006:Linear,
  Author = {Strang, Gilbert},
  Title = {Linear Algebra and its Applications},
  Publisher = {Brooks/Cole Publishing},
  Year = {2006},
  Edition = {Fourth}
}

@book{Strang:2009:Introduction,
  Author = {Strang, Gilbert},
  Title = {Introduction to Linear Algebra},
  Publisher = {Wellesley-Cambridge Press},
  Year = {2009},
  Edition = {Fourth}
}

@book{Trefethen:1997:Numerical,
  Author = {Trefethen, Lloyd N and Bau, III, David},
  Title = {Numerical Linear Algebra},
  Publisher = {SIAM},
  Year = {1997}
}

@book{Vandebril:2010:Matrix,
  Author = {Vandebril, Raf and Van Barel, Marc and Mastonardi, Nicola},
  Title = {Matrix Computations and Semiseparable Matrices: Linear Systems},
  Publisher = {John Hopkins University Press},
  Year = {2010}
}

@book{Vandebril:2010:Linear,
  Author = {Vandebril, Raf and Van Barel, Marc and Mastonardi, Nicola},
  Title = {Matrix Computations and Semiseparable Matrices: Linear Systems},
  Publisher = {John Hopkins University Press},
  Year = {2010}
}

@book{Vandebril:2010:Eigen,
  Author = {Vandebril, Raf and Van Barel, Marc and Mastonardi, Nicola},
  Title = {Matrix Computations and Semiseparable Matrices: Eigenvalue and Singular Value Methods},
  Publisher = {John Hopkins University Press},
  Year = {2010}
}
